%% This BibTeX bibliography file was created using BibDesk.
%% http://bibdesk.sourceforge.net/


%% Created for Ilana Arbisser at 2018-11-30 15:08:24 -0800 


%% Saved with string encoding Unicode (UTF-8) 



@article{DeGiorgioRosenberg2016,
	Author = {De Giorgio, M. and Rosenberg, N. A.},
	Date-Added = {2018-11-30 10:56:18 -0800},
	Date-Modified = {2018-11-30 10:57:58 -0800},
	Journal = {Theoretical Population Biology},
	Pages = {12-24},
	Title = {Consistency and inconsistency of consensus methods for inferring species trees from gene trees in the presence of ancestral population structure},
	Volume = {110},
	Year = {2016}}

@article{Ochman2001,
	Author = {Ochman, H.},
	Date-Added = {2018-10-09 15:05:55 -0700},
	Date-Modified = {2018-11-30 15:07:23 -0800},
	Journal = {Current Opinion in Genetics and Development},
	Pages = {616-619},
	Title = {Lateral and oblique gene transfer},
	Volume = {11},
	Year = {2001}}

@article{RuthsNakleh2005,
	Author = {Ruths, D. and Nakhleh, L.},
	Date-Added = {2018-10-09 10:26:31 -0700},
	Date-Modified = {2018-11-30 15:07:56 -0800},
	Journal = {International Journal of Bioinformatics Research and Applications},
	Pages = {1-11},
	Title = {Recombination and phylogeny: effects and detection},
	Volume = {1},
	Year = {2005}}

@article{DegnanRosenberg2009,
	Author = {Degnan, J. H. and Rosenberg, N. A.},
	Date-Added = {2018-10-08 16:42:25 -0700},
	Date-Modified = {2018-10-08 16:44:39 -0700},
	Journal = {Trends in Ecology and Evolution},
	Pages = {332-340},
	Title = {Gene tree discordance, phylogenetic inference and the multispecies coalescent},
	Volume = {6},
	Year = {2009}}

@article{SlatkinPollack2006,
	Author = {Slatkin, M. and Pollack, J. L.},
	Date-Added = {2018-10-08 16:27:03 -0700},
	Date-Modified = {2018-10-22 12:43:03 -0700},
	Journal = {Genetics},
	Pages = {1979-1984},
	Title = {The concordance of gene trees and species trees with two linked loci},
	Volume = {172},
	Year = {2006}}

@article{Tajima1983,
	Author = {Tajima, F.},
	Date-Added = {2018-10-08 15:03:53 -0700},
	Date-Modified = {2018-10-08 16:22:40 -0700},
	Journal = {Genetics},
	Pages = {437-460},
	Title = {Evolutionary Relationship of {DNA} sequences in finite populations},
	Volume = {105},
	Year = {1983}}

@article{GriffithsMarjoram1996,
	Author = {Griffiths, R. C. and Marjoram, P.},
	Date-Added = {2018-09-10 16:22:57 -0700},
	Date-Modified = {2018-09-10 16:23:53 -0700},
	Journal = {Journal of Computational Biology},
	Pages = {479-502},
	Title = {Ancestral Inference from Samples of DNA sequences with Recombination},
	Volume = {3},
	Year = {1996}}

@article{Dutheiletal2009,
	Author = {Dutheil, J. Y. and Ganapathy, G. and Hobolth, A. and Mailund, T. and Uyenoyama, M. K. and Schierup, M. H.},
	Date-Added = {2018-09-09 11:10:55 -0700},
	Date-Modified = {2018-09-09 11:14:21 -0700},
	Journal = {Genetics},
	Pages = {259-274},
	Title = {Ancestral Population Genomics: The Coalescent Hdden Markov Model Approach},
	Volume = {183},
	Year = {2009}}

@article{Griffiths1981,
	Author = {Griffiths, R. C.},
	Date-Added = {2018-09-09 11:05:16 -0700},
	Date-Modified = {2018-11-30 15:08:20 -0800},
	Journal = {Theoretical Population Biology},
	Pages = {169-186},
	Title = {Neutral two-locus multiple allele models with recombination},
	Volume = {19},
	Year = {1981}}

@article{Hudson1990,
	Author = {Hudson, R. R.},
	Date-Added = {2018-09-09 11:03:59 -0700},
	Date-Modified = {2018-09-09 11:05:14 -0700},
	Journal = {Oxford Suverys in Evolutionary Biology},
	Pages = {1-44},
	Title = {Gene genealogies and the coalescent process},
	Volume = {7},
	Year = {1990}}

@article{Hudson1983,
	Author = {Hudson, R. R.},
	Date-Added = {2018-09-09 10:55:37 -0700},
	Date-Modified = {2018-09-09 11:03:58 -0700},
	Journal = {Theoretical Population Biology},
	Pages = {183-201},
	Title = {Properties of a neutral allele model with intragenic recombination},
	Volume = {23},
	Year = {1983}}

@article{SlatkinPollack2008,
	Author = {Slatkin, M. and Pollack, J. L.},
	Date-Added = {2018-09-08 08:52:38 -0700},
	Date-Modified = {2018-09-08 08:53:53 -0700},
	Journal = {Molecular Biology and Evolution},
	Pages = {2241-2246},
	Title = {Subdivision in an Ancestral Species Creates Asymmetry in Gene Trees},
	Volume = {10},
	Year = {2008}}

@article{SimonsenChurchill1997,
	Author = {Simonsen, K. L. and Churchill, G. A},
	Date-Added = {2018-09-08 08:48:44 -0700},
	Date-Modified = {2018-09-09 09:49:52 -0700},
	Journal = {Theoretical Population Biology},
	Pages = {43-59},
	Title = {A Markov Chain Model of Coalescence with Recombination},
	Volume = {52},
	Year = {1997}}
